<?xml version="1.0" encoding="UTF-8"?><collection xmlns="http://www.loc.gov/MARC21/slim"><record><leader>00636nam--2200205-u-4500</leader><controlfield tag="001">000050366</controlfield><controlfield tag="002">20161230</controlfield><controlfield tag="003">81789</controlfield><controlfield tag="005">20170118194620</controlfield><controlfield tag="008">070129s1000------------r-----000-0-eng-d</controlfield><datafield ind1=" " ind2=" " tag="040"><subfield code="a">IFIN-HH</subfield></datafield><datafield ind1=" " ind2=" " tag="080"><subfield code="a">514.13:517.547.58</subfield></datafield><datafield ind1="1" ind2=" " tag="100"><subfield code="a">Hadamard, Jacques</subfield></datafield><datafield ind1="1" ind2="0" tag="245"><subfield code="a">Non-Euclidean Geometry in the Theory of Automorphic Functions</subfield><subfield code="c">Jacques Hadamard, Jeremy J. Gray, Abe Shenitzer (Eds.)</subfield></datafield><datafield ind1=" " ind2=" " tag="260"><subfield code="a">Rhode Island</subfield><subfield code="b">American Mathematical Society</subfield><subfield code="c">1999</subfield></datafield><datafield ind1=" " ind2=" " tag="300"><subfield code="a">91 p</subfield></datafield><datafield ind1=" " ind2=" " tag="490"><subfield code="a">History of Mathematics Sources Vol.17</subfield></datafield><datafield ind1="1" ind2=" " tag="700"><subfield code="a">Shenitzer, Abe</subfield><subfield code="e">ed</subfield></datafield><datafield ind1=" " ind2=" " tag="852"><subfield code="a">81789</subfield><subfield code="c">517.5</subfield></datafield><datafield ind1=" " ind2=" " tag="CAT"><subfield code="a">SYS</subfield><subfield code="c">20170118</subfield><subfield code="h">194620</subfield></datafield></record></collection>